@article{france2004uml,
  title={A UML-based pattern specification technique},
  author={France, Robert B and Kim, D-K and Ghosh, Sudipto and Song, Eunjee},
  journal={IEEE transactions on Software Engineering},
  volume={30},
  number={3},
  pages={193--206},
  year={2004},
  publisher={IEEE}
}
